@article{Almeida_2018,
  title = {Most Recommended Stocks for January According to 17 Brokerage Firms},
  author = {Almeida, Marília},
  year = {2018},
  journal = {Exame Magazine},
  url = {https://exame.com/invest/minhas-financas/as-acoes-mais-indicadas-para-janeiro-de-acordo-com-17-corretoras/},
  note = {Accessed: 2022-08-04},
  doi = {}
}

@thesis{Assis_2020,
  title = {International Investment Diversification in Brazil: A Comparative Analysis Between ETFs and Index Funds},
  author = {Assis, Marcelo L.},
  year = {2020},
  institution = {University of Brasília},
  type = {Master's Thesis},
  pages = {18--35},
  url = {https://bdm.unb.br/bitstream/10483/27660/1/2020_MarceloLemesAssis_tcc.pdf},
  note = {Accessed: 2022-08-04}
}

@misc{B3_2022,
  title = {Equity Exchange-Traded Funds},
  author = {{B3 - Brasil Bolsa Balcão}},
  year = {2022},
  url = {https://www.b3.com.br/pt_br/produtos-e-servicos/negociacao/renda-variavel/etf-de-renda-variavel.htm},
  note = {Accessed: 2022-08-03},
  howpublished = {B3 Official Website}
}

@article{Bekaert_Hodrick_Zhang_2009,
  title = {International Stock Return Comovements},
  author = {Bekaert, Geert and Hodrick, Robert J. and Zhang, Xiaoyan},
  journal = {The Journal of Finance},
  year = {2009},
  volume = {64},
  number = {6},
  pages = {2591--2626},
  doi = {10.1111/j.1540-6261.2009.01512.x}
}

@article{Boney_Doran_Peterson_2016,
  title = {The Impact of SPDR ETFs on Cash Flows of S\&P 500 Index Mutual Funds},
  author = {Boney, Vaneesha and Doran, James S. and Peterson, David R.},
  year = {2016},
  journal = {Journal of Financial Economics},
  volume = {121},
  number = {3},
  pages = {535--553},
  url = {https://papers.ssrn.com/sol3/papers.cfm?abstract_id=879777},
  note = {Accessed: 2022-08-21}
}

@article{Borges_Junior_Yoshinaga_2012,
  title = {Exchange-Traded Funds vs. Index Funds in the Brazilian Market: A Comparative Analysis},
  author = {Borges, Elaine C. and {de Almeida Prado Jr.}, William Eid and Yoshinaga, Claudia Emiko},
  journal = {Brazilian Journal of Applied Finance},
  year = {2012},
  volume = {10},
  number = {2},
  pages = {1--11},
  url = {http://www.financasaplicadas.net/index.php/financasaplicadas/article/view/101/pdf_3},
  note = {Accessed: 2022-08-10}
}

@article{Broman_Shum_2018,
  title = {Relative Liquidity, Fund Flows and Short-Term Demand: Evidence from Exchange-Traded Funds},
  author = {Broman, Markus S. and Shum, Pauline},
  journal = {Journal of Financial Markets},
  year = {2018},
  volume = {38},
  pages = {87--115},
  doi = {10.1016/j.finmar.2017.11.003}
}

@article{Chiou_2008,
  title = {Who Benefits More from International Diversification?},
  author = {Chiou, Wan-Jiun Paul},
  journal = {International Review of Economics \& Finance},
  year = {2008},
  volume = {18},
  number = {5},
  pages = {466--482},
  doi = {10.1016/j.iref.2008.03.003}
}

@article{Christoffersen_Errunza_2012,
  title = {Is International Diversification Becoming Less Effective? A Dynamic Copula Approach},
  author = {Christoffersen, Peter and Errunza, Vihang and Jacobs, Kris and Langlois, Hugues},
  journal = {Review of Financial Studies},
  year = {2012},
  volume = {25},
  number = {12},
  pages = {3711--3751},
  doi = {10.1093/rfs/hhs101}
}

@article{Coeurdacier_Guibaud_2011,
  title = {The Benefits of International Portfolio Diversification Are Greater Than Commonly Believed},
  author = {Coeurdacier, Nicolas and Guibaud, Stéphane},
  journal = {Journal of International Money and Finance},
  year = {2011},
  volume = {30},
  number = {2},
  pages = {289--308},
  doi = {10.1016/j.jimonfin.2010.08.005}
}

@book{Elton_2014,
  title = {Modern Portfolio Theory and Investment Analysis},
  author = {Elton, Edwin J. and Gruber, Martin J. and Brown, Stephen J. and Goetzmann, William N.},
  year = {2014},
  edition = {9th},
  publisher = {Wiley},
  isbn = {978-1118471918}
}

@incollection{Fabozzi_Gupta_Markowitz_2002,
  title = {The Legacy of Modern Portfolio Theory},
  author = {Fabozzi, Frank J. and Gupta, F. and Markowitz, Harry M.},
  booktitle = {Advances in Portfolio Construction and Implementation},
  year = {2002},
  publisher = {Butterworth-Heinemann},
  pages = {7--20},
  url = {http://www.simonemariotti.com/downloads/Papers%20finanziari/Fabozzi-Gupta-Mar.pdf},
  note = {Accessed: 2022-08-04}
}

@misc{Fogaca_2020,
  title = {The Investment Triad: Principles for Optimal Asset Allocation},
  author = {Fogaca, André},
  year = {2020},
  url = {https://comoinvestir.thecap.com.br/tripe-dos-investimentos},
  note = {Accessed: 2022-08-08},
  howpublished = {Online Investment Guide}
}

@article{Grubel_1968,
  title = {Internationally Diversified Portfolios: Welfare Gains and Capital Flows},
  author = {Grubel, Herbert G.},
  journal = {The American Economic Review},
  year = {1968},
  volume = {58},
  number = {5},
  pages = {1299--1314},
  jstor = {1815533}
}

@article{Hamm_2014,
  title = {The Impact of Exchange-Traded Funds on Stock Liquidity},
  author = {Hamm, Sophia J.},
  year = {2014},
  journal = {Journal of Financial Markets},
  volume = {17},
  pages = {140--160},
  url = {http://papers.ssrn.com/sol3/papers.cfm?abstract_id=1687914},
  note = {Accessed: 2022-08-15}
}

@article{Harvey_1995,
  title = {Predictable Risk and Returns in Emerging Markets},
  author = {Harvey, Campbell R.},
  journal = {Review of Financial Studies},
  year = {1995},
  volume = {8},
  number = {3},
  pages = {773--816},
  doi = {10.1093/rfs/8.3.773}
}

@article{Hegde_McDermott_2004,
  title = {Liquidity Dynamics of DIAMONDS, QQQ, and Their Underlying Stocks},
  author = {Hegde, Shantaram P. and McDermott, John B.},
  journal = {Journal of Banking \& Finance},
  year = {2004},
  volume = {28},
  number = {5},
  pages = {1043--1067},
  doi = {10.1016/S0378-4266(03)00113-1}
}

@article{Hodrick_Zhang_2014,
  title = {Revisiting International Diversification Benefits},
  author = {Hodrick, Robert J. and Zhang, Xiaoyan},
  year = {2014},
  journal = {Netspar Discussion Paper},
  number = {06/2014-021},
  url = {https://www0.gsb.columbia.edu/faculty/rhodrick/papers/Hodrick.Zhang.International%20Diversification%20Revisited.Netspar_20140501.pdf},
  note = {Accessed: 2022-08-18}
}

@article{Huang_Lin_2011,
  title = {Assessing the Effectiveness of ETFs for International Diversification},
  author = {Huang, Mei-Yueh and Lin, Jun-Biao},
  journal = {Journal of International Financial Markets, Institutions and Money},
  year = {2011},
  volume = {25},
  number = {3},
  pages = {335--344},
  url = {https://www.sciencedirect.com/science/article/abs/pii/S0275531911000249},
  note = {Accessed: 2022-08-21},
  doi = {10.1016/j.intfin.2011.03.002}
}

@article{Jorion_Goetzmann_1999,
  title = {Global Stock Markets in the Twentieth Century: A Century of Risk and Return},
  author = {Jorion, Philippe and Goetzmann, William N.},
  journal = {The Journal of Finance},
  year = {1999},
  volume = {54},
  number = {3},
  pages = {953--980},
  doi = {10.1111/0022-1082.00133}
}

@article{Lessard_1973,
  title = {International Portfolio Diversification: Evidence from Latin American Markets},
  author = {Lessard, Donald R.},
  journal = {The Journal of Finance},
  year = {1973},
  volume = {28},
  number = {3},
  pages = {619--633},
  doi = {10.1111/j.1540-6261.1973.tb01394.x}
}

@article{Levy_Sarnat_Marshall_1970,
  title = {International Diversification of Investment Portfolios},
  author = {Levy, Haim and Sarnat, Marshall},
  journal = {The American Economic Review},
  year = {1970},
  volume = {60},
  number = {4},
  pages = {668--675},
  jstor = {1818411}
}

@thesis{Lima_2021,
  title = {ETF Analysis for Investors: Pre-Diversified Portfolio Alternatives},
  author = {Lima, Bianca M. P.},
  year = {2021},
  institution = {Pontifical Catholic University of Rio de Janeiro},
  type = {Master's Thesis},
  pages = {9--20},
  url = {https://www.maxwell.vrac.puc-rio.br/53859/53859.PDF},
  note = {Accessed: 2022-08-04}
}

@article{Markowitz_1952,
  title = {Portfolio Selection},
  author = {Markowitz, Harry},
  journal = {The Journal of Finance},
  year = {1952},
  volume = {7},
  number = {1},
  pages = {77--91},
  doi = {10.1111/j.1540-6261.1952.tb01525.x}
}

@article{Meric_Meric_1989,
  title = {International Portfolio Diversification: Stability and Seasonality in Market Relationships},
  author = {Meric, Ilhan and Meric, Gulser},
  journal = {Journal of International Money and Finance},
  year = {1989},
  volume = {13},
  number = {4-5},
  pages = {627--640},
  doi = {10.1016/0261-5606(89)90014-3}
}

@article{Navratil_Taylor_Vecer_2021,
  title = {Market Inefficiency During the COVID-19 Pandemic: Evidence from Global Equity Markets},
  author = {Navratil, Radek and Taylor, S. Michael and Vecer, Jan},
  journal = {Finance Research Letters},
  year = {2021},
  volume = {42},
  pages = {101957},
  url = {https://reader.elsevier.com/reader/sd/pii/S105752192100154X},
  note = {Accessed: 2022-08-22},
  doi = {10.1016/j.frl.2021.101957}
}

@article{Neves_Fernandes_Martins_2019,
  title = {ETFs as Diversification Vehicles: New Evidence Across Market Conditions},
  author = {Neves, Maria E.D. and Fernandes, Carla M. and Martins, Pedro C.},
  journal = {Journal of International Financial Markets, Institutions and Money},
  year = {2019},
  volume = {19},
  number = {2},
  pages = {149--457},
  doi = {10.1016/j.intfin.2019.03.001}
}

@article{OHaganLuff_Berrill_2015,
  title = {The Case for Domestic Investing in an Increasingly Globalized World},
  author = {O'Hagan-Luff, Martin and Berrill, Jenny},
  journal = {Journal of International Money and Finance},
  year = {2015},
  volume = {38},
  pages = {1--14},
  doi = {10.1016/j.jimonfin.2014.11.005}
}

@article{Pastor_Stambaugh_Taylor_2020,
  title = {Fund Tradeoffs: Liquidity, Performance, and Costs in Mutual Funds and ETFs},
  author = {Pastor, Lubos and Stambaugh, Robert F. and Taylor, Lucian A.},
  journal = {Journal of Financial Economics},
  year = {2020},
  volume = {138},
  number = {3},
  pages = {614--634},
  url = {https://www.sciencedirect.com/science/article/abs/pii/S0304405X20301720},
  note = {Accessed: 2022-08-17},
  doi = {10.1016/j.jfineco.2020.05.008}
}

@article{Pennathur_Delcoure_Anderson_2002,
  title = {Diversification Benefits of International ETFs and Closed-End Country Funds},
  author = {Pennathur, Anita K. and Delcoure, Natalya and Anderson, Dwight},
  journal = {Journal of Financial Research},
  year = {2002},
  volume = {25},
  number = {4},
  pages = {541--557},
  doi = {10.1111/1475-6803.00033}
}

@article{Pham_2018,
  title = {Liquidity Dynamics in Active ETFs},
  author = {Pham, Son D. and others},
  year = {2018},
  journal = {Journal of Investment Management},
  volume = {16},
  number = {3},
  pages = {3--10},
  url = {https://papers.ssrn.com/sol3/papers.cfm?abstract_id=3369235},
  note = {Accessed: 2022-08-19}
}

@misc{Pinto_2020,
  title = {The Investment Triad: Understanding the Tradeoffs Between Safety, Return and Liquidity},
  author = {Pinto, Leonardo},
  year = {2020},
  url = {https://conteudos.xpi.com.br/aprenda-a-investir/relatorios/seguranca-rentabilidade-e-liquidez-entenda-o-conceito-de-tripe-dos-investimentos/},
  note = {Accessed: 2022-08-04},
  howpublished = {XP Investimentos Educational Material}
}

@article{Poterba_Shoven_2002,
  title = {Exchange-Traded Funds: Tax-Efficient Investment Vehicles},
  author = {Poterba, James M. and Shoven, John B.},
  journal = {American Economic Review},
  year = {2002},
  volume = {92},
  number = {2},
  pages = {422--427},
  doi = {10.1257/000282802320191648}
}

@book{Pozen_Hamacher_Phillips_2015,
  title = {The Fund Industry: How Your Money is Managed},
  author = {Pozen, Robert and Hamacher, Theresa and Phillips, Don T.},
  year = {2015},
  edition = {2nd},
  publisher = {Wiley},
  isbn = {978-1118929940}
}

@book{Ross_Westerfield_Jaffe_2007,
  title = {Corporate Finance},
  author = {Ross, Stephen A. and Westerfield, Randolph W. and Jaffe, Jeffrey},
  year = {2007},
  edition = {8th},
  publisher = {McGraw-Hill},
  isbn = {978-0073382333}
}

@article{Solnik_1974,
  title = {The Case for International Rather Than Domestic Diversification},
  author = {Solnik, Bruno H.},
  journal = {Financial Analysts Journal},
  year = {1974},
  volume = {30},
  number = {4},
  pages = {48--54},
  doi = {10.2469/faj.v30.n4.48}
}

@article{Solnik_Boucrelle_Fur_1996,
  title = {International Market Correlation and Volatility: Implications for Portfolio Management},
  author = {Solnik, Bruno and Boucrelle, Cyril and Le Fur, Yann},
  journal = {Journal of Portfolio Management},
  year = {1996},
  volume = {22},
  number = {5},
  pages = {17--34},
  doi = {10.3905/jpm.1996.409563}
}

@article{Soydemir_Shin_2010,
  title = {Information Transmission and Tracking Errors in Exchange-Traded Funds},
  author = {Soydemir, Gokce and Shin, Sangheon},
  journal = {Journal of Banking \& Finance},
  year = {2010},
  volume = {34},
  number = {4-5},
  pages = {214--234},
  doi = {10.1016/j.jbankfin.2009.07.012}
}

@article{Tsai_Swanson_2009,
  title = {Comparative Analysis of iShares and Country Funds in Global Portfolios},
  author = {Tsai, Pei-Jung and Swanson, Peggy E.},
  journal = {Financial Review},
  year = {2009},
  volume = {61},
  number = {6},
  pages = {472--494},
  doi = {10.1111/j.1540-6288.2009.00239.x}
}

@article{Varga_2001,
  title = {Performance Measurement of Brazilian Equity Funds Using the Sharpe Ratio and Other Metrics},
  author = {Varga, Gyorgy},
  journal = {Brazilian Journal of Contemporary Administration},
  year = {2001},
  volume = {5},
  number = {3},
  pages = {45--62},
  url = {https://www.scielo.br/j/rac/a/VcTL5k9VvhyL7FkTfQfPX6Q/},
  note = {Accessed: 2022-08-04}
}

@article{Yoshinaga_Junior_2019,
  title = {Growth Prospects for Exchange-Traded Funds in the Brazilian Market},
  author = {Yoshinaga, Claudia Emiko and {de Almeida Prado Jr.}, William Eid},
  journal = {FGV Capital Markets Studies},
  year = {2019},
  number = {15},
  pages = {6--9},
  url = {https://cef.fgv.br/sites/cef.fgv.br/files/perspectivas_etfs_no_brasil_-_relatorio_final.pdf},
  note = {Accessed: 2022-08-03}
}

@article{Zhong_Yang_2005,
  title = {Risk Factors and International Diversification: Evidence from iShares ETFs},
  author = {Zhong, Maosen and Yang, Hailong},
  journal = {Journal of Financial Economics},
  year = {2005},
  volume = {32},
  number = {3-4},
  pages = {737--772},
  doi = {10.1016/j.jfineco.2004.06.003}
}