@misc{alves_ml_wald_tests,
  author = {Alves, Denisard},
  title = {ML and Wald Tests, LR and ML},
  year = {2017},
note = {São Paulo.}
}

@article{alves_passos_international_hegemony,
  author = {Alves, Rafael Q. and Passos, Rodrigo D. F. D.},
  title = {The International Hegemony of the People's Republic of China Under Xi Jinping's Government: An Analysis of the Search for the Realization of the Tianxia System Based on Offensive Realism},
  journal = {Marília},
  volume = {XVII},
  number = {1},
  pages = {39--50},
  year = {2017},
  note = {Available at: \url{https://revistas.marilia.unesp.br/index.php/ric/article/view/9876}. Accessed: December 4, 2022.}
}

@misc{baltagi_wald_lr_lm_inequality,
  author = {Baltagi, Badi H.},
  title = {The Wald, LR, and LM Inequality},
  year = {2009},
  note = {Available at: \url{https://www.cambridge.org/core/journals/econometric-theory/article/abs/waldlr-and-lm-inequality/6D8D6676360F6FA3EC708ADCFAFA6EC9}. Accessed: December 18, 2022.}
}

@article{barbosa_who_cares_about_taiwan,
  author = {Barbosa, Vinícius A. and Junior, Augusto W. M. T. and Satur, Roberto V.},
  title = {Who Cares About Taiwan?},
  journal = {Paraíba},
  pages = {2--12},
  year = {2016},
  note = {Available at: \url{http://repositorio.asces.edu.br/handle/123456789/191}. Accessed: September 20, 2022.}
}

@article{beckley_emerging_military_balance,
  author = {Beckley, M.},
  title = {The Emerging Military Balance in East Asia: How China's Neighbors Can Check Chinese Naval Expansion},
  journal = {International Security},
  volume = {XLII},
  number = {2},
  pages = {78--119},
  year = {2017},
  note = {Available at: \url{https://doi.org/10.1162/ISEC_a_00294}. Accessed: December 10, 2022.}
}

@misc{beckley_china_inching_closer_taiwan,
  author = {Beckley, Michael},
  title = {China Keeps Inching Closer to Taiwan},
  year = {2020},
  note = {Available at: \url{https://foreignpolicy.com/2020/10/19/china-keeps-inching-closer-to-taiwan/}. Accessed: October 2, 2022.}
}

@misc{beckley_brands_coming_crisis_in_us_china_relations,
  author = {Beckley, Michael and Brands, Hal},
  title = {Into the Danger Zone: The Coming Crisis in US-China Relations},
  year = {2021},
  note = {Available at: \url{https://www.jstor.org/stable/resrep27632}. Accessed: October 3, 2022.}
}

@misc{bhattacharyya_macys_pulling_out_china,
  author = {Bhattacharyya, Suman},
  title = {An uphill battle: Why Macy’s is pulling out of China},
  year = {2018},
  note = {Available at: \url{https://digiday.com/retail/macys-pulling-out-china/}. Accessed: October 7, 2022.}
}

@misc{bureau_of_trade_exports_imports_2022,
  author = {{Bureau of Trade}},
  title = {Value of Exports \& Imports by Country},
  year = {2022},
  note = {Available at: \url{https://cuswebo.trade.gov.tw/FSCE040F/FSCE040F}. Accessed: October 5, 2022.}
}

@misc{burkitt_lesson_history_chinese_pla_75,
  author = {Burkitt, Laurie and Scobel, Andrew and Wortzel, Larry M.},
  title = {The Lessons of History: The Chinese People’s Liberation Army at 75},
  year = {n.d.},
  note = {No further details provided.}
}

@article{carvajal_triangular_relationship_china_taiwan_usa,
  author = {Carvajal, Carolina R. and Praj, Dusan and Strobel, Jorge A. A.},
  title = {The Triangular Relationship Between China, Taiwan, and the United States in the Period 2008-2018},
  journal = {n. 30},
  pages = {92--106},
  year = {2020},
  note = {Accessed: December 4, 2022.}
}

@misc{chai_huang_taiwan_cross_strait_status_quo,
  author = {Chai, Scarlett and Huang, Romulo},
  title = {Most People in Taiwan in Favor of Cross-Strait Status Quo},
  year = {2016},
  note = {Accessed: September 20, 2022.}
}

@article{chou_economy_cooperation_framework_agreement,
  author = {Chou, Chi-An},
  title = {A Two-Edged Sword: The Economy Cooperation Framework Agreement Between the Republic of China and the People's Republic of China},
  journal = {International Law and Management Review},
  volume = {VI},
  number = {2},
  year = {2010},
  note = {Available at: \url{https://digitalcommons.law.byu.edu/ilmr/vol6/iss2/2/}. Accessed: October 4, 2022.}
}

@article{christensen_taiwan_legislative_yuan_elections,
  author = {Christensen, Thomas J.},
  title = {Taiwan’s Legislative Yuan Elections and Cross-Strait Security Relations: Reduced Tensions and Remaining Challenges},
  journal = {Hoover Institution},
  volume = {XIII},
  year = {2006},
  pages = {1--11},
  note = {Available at: \url{https://www.hoover.org/sites/default/files/uploads/documents/clm13_tc.pdf}. Accessed: December 17, 2022.}
}

@misc{feddersen_china_strategies_towards_taiwan,
  author = {Feddersen, Gustavo H.},
  title = {China's Strategies Towards Taiwan and Their Security Impacts in the Post-Cold War Era},
  year = {2020},
  note = {Available at: \url{https://lume.ufrgs.br/handle/10183/217770}. Accessed: October 4, 2022.}
}

@article{gomes_international_trade_per_capita_gdp,
  author = {Gomes, Carlos E. and et al.},
  title = {International Trade and Per Capita GDP: An Analysis Using Spatial Approach},
  journal = {Paraná},
  volume = {XL},
  number = {71},
  year = {2019},
  note = {Accessed: December 17, 2022.}
}

@misc{haass_sacks_american_support_taiwan,
  author = {Haass, Richard and Sacks, David},
  title = {American Support for Taiwan Must Be Unambiguous},
  year = {2020},
  note = {Available at: \url{https://www.foreignaffairs.com/articles/united-states/american-support-taiwan-must-be-unambiguous}. Accessed: September 25, 2022.}
}

@misc{hakim_us_china_rivalry_neostructural_realism,
  author = {Hakim, Amri},
  title = {U.S.-China Rivalry and Neostructural Realism},
  year = {n.d.},
  note = {No further details provided.}
}

@misc{hernandez_china_suspends_diplomatic_contact,
  author = {Hernández, Javier C.},
  title = {China Suspends Diplomatic Contact with Taiwan},
  year = {2016},
  note = {Available at: \url{https://www.nytimes.com/2016/06/26/world/asia/china-suspends-diplomatic-contact-with-taiwan.html}. Accessed: September 30, 2022.}
}

@article{hsu_cross_strait_peace_development,
  author = {Hsu, Hung-Chi and Hsu, Hui-Lin and He, Mei-Zhen},
  title = {Research for Maintaining Cross-Strait Peace and Economic Development in the Post-Epidemic Era},
  pages = {227--232},
  year = {2021},
  note = {Accessed: September 22, 2022.}
}

@article{huang_xi_jinping_taiwan_policy,
  author = {Huang, Jing},
  title = {Xi Jinping’s Taiwan Policy: Boxing Taiwan In with the One-China Framework},
  journal = {n. 1},
  pages = {239--248},
  year = {2017},
  note = {Available at: \url{https://www.jstor.org/stable/10.1525/j.ctt1w76wpm.16}. Accessed: September 20, 2022.}
}

@misc{king_intel_chip_hub,
  author = {King, Ian},
  title = {Intel's \$20 Billion Chip Hub Will Be the Largest in the World},
  year = {2022},
}

@book{krugman_obstfeld_international_economics,
  author = {Krugman, Paul R. and Obstfeld, Maurice and Melitz, Marc J.},
  title = {International Economics},
  year = {2015},
  publisher = {Pearson},
  note = {No further details provided.}
}

@misc{lee_siu_taiwan_leader_hawaii_stopover,
  author = {Lee, Yimou and Siu, Twinnie},
  title = {China Urges U.S. to Block Taiwan Leader's Hawaii Stopover},
  year = {2019},
  note = {Available at: \url{https://www.reuters.com/article/us-taiwan-china-idUSKCN1R2083}. Accessed: September 30, 2022.}
}

@misc{luzardo_exploratory_spatial_analysis,
  author = {Luzardo, Antonio J. R. and Filho, Rafael M. C. and Rubim, Igor B.},
  title = {Exploratory Spatial Analysis Using the Moran Index},
  year = {2017},
  note = {Accessed: December 19, 2022.}
}

@misc{ma_trade_balance_china_taiwan,
  author = {Ma, Yihan},
  title = {Trade Balance Between Mainland China and Taiwan from 2015 to 2020 (in Billion U.S. Dollars)},
  year = {2021},
  note = {Available at: \url{https://www.statista.com/statistics/1270149/chin-trade-deficit-with-taiwan/}. Accessed: October 4, 2022.}
}
@misc{ma_value_of_goods_imports_taiwan,
  author = {Ma, Yihan},
  title = {Value of Goods Imports in Taiwan in 2021, by Exporting Country or Region},
  year = {2022},
  note = {Available at: \url{https://www.statista.com/statistics/324642/taiwan-import-partners-by-country/}. Accessed: October 5, 2022.}
}

@misc{panda_taipei_slams_chinese_air_force_fighters,
  author = {Panda, Ankit},
  title = {Taipei Slams 'Provocative' Chinese Air Force Fighters Crossing Taiwan Strait Median Line},
  year = {2019},
  note = {Available at: \url{https://thediplomat.com/2019/04/taipei-slams-provocative-chinese-air-force-fighterscross-taiwan-strait-median-line/}. Accessed: September 30, 2022.}
}

@article{pietrafesa_political_economic_relations_china_taiwan_usa,
  author = {Pietrafesa, Pedro and Silva, Amelia G. D.},
  title = {Political and Economic Relations of the Strategic Triangle Among China, Taiwan, and the United States (1996-2016)},
  journal = {Goiás},
  year = {2019},
  note = {Available at: \url{https://revistas.cefetrj.br/index.php/producaoedesenvolvimento/article/view/413}. Accessed: December 18, 2022.}
}

@article{shen_taiwans_development_strategy,
  author = {Shen, S. H.},
  title = {Taiwan’s Development Strategy: From Technology-Driven to Green Innovation},
  journal = {n. 12},
  year = {2018},
  note = {Available at: \url{https://journals.sagepub.com/doi/pdf/10.1177/0957695118778009}. Accessed: September 20, 2022.}
}

@article{shen_impact_of_trade_war_on_taiwan,
  author = {Shen, Y. H.},
  title = {The Impact of the China-U.S. Trade War on Taiwan’s Economic Development},
  journal = {Taiwan},
  year = {2019},
  note = {Available at: \url{https://www.econstor.eu/handle/10419/195014}. Accessed: December 19, 2022.}
}

@misc{rato_from_mao_to_xi,
  author = {Rato, Vasco},
  title = {From Mao to Xi: The Resurgence of China},
  year = {2022},
  note = {No further details provided.}
}

@misc{silk_is_taiwan_part_of_chinese_dream,
  author = {Silk, Richard},
  title = {Is Taiwan Part of the 'Chinese Dream'?},
  year = {2013},
  note = {Available at: \url{https://www.wsj.com/articles/BL-CJB-17888}. Accessed: September 30, 2022.}
}

@article{sung_taiwans_search_for_grand_strategy,
  author = {Sung, Wen-Ti},
  title = {Taiwan's Search for a Grand Strategy},
  journal = {n. 2021},
  pages = {209--214},
  year = {2021},
  note = {Available at: \url{https://www.jstor.org/stable/j.ctv1m9x316.23}. Accessed: October 1, 2022.}
}

@misc{tadeu_brazil_vote_resolution,
  author = {Tadeu, Vinícius},
  title = {Brazil and 10 Countries Vote for Resolution Critical of Russia at the UN; China Abstains},
  year = {2022},
  note = {Available at: \url{https://www.cnnbrasil.com.br/internacional/brasil-e-10-paises-votam-por-resolucao-critica-arussia-na-onu-china-se-abstem/}. Accessed: October 6, 2022.}
}

@article{tian_china_drops_peaceful_in_push_for_taiwan_reunification,
  author = {Tian, Yew L. and Lee, Yimou},
  title = {China Drops Word 'Peaceful' in Latest Push for Taiwan 'Reunification'},
  year = {2020},
  note = {Available at: \url{https://www.reuters.com/article/us-china-parliament-taiwan-idUSKBN22Y06S}. Accessed: September 30, 2022.}
}

@article{trent_chinas_views_of_regional_security,
  author = {Trent, Mercedes},
  title = {China's Views of Regional Security},
  journal = {n. 2020},
  pages = {27--34},
  year = {2020},
  note = {Available at: \url{https://www.jstor.org/stable/resrep26130.9}. Accessed: September 29, 2022.}
}

@misc{us_department_state_biden_sotu,
  author = {{U.S. Department of State}},
  title = {President Joe Biden's Remarks in His State of the Union Address},
  year = {2022},
  note = {Available at: \url{https://www.state.gov/translations/portuguese/pronunciamento-do-presidente-joe-biden-emseu-discurso-sobre-o-estado-da-uniao-conforme-proferido/}. Accessed: October 7, 2022.}
}

@misc{vladimir_ivanov_rebel_island_china_taiwan_question,
  author = {Vladimir Ivanov},
  title = {Rebel Island: Is China Once Again Ready to Resolve the 'Taiwan Question' by Force?},
  year = {2022},
  note = {Available at: \url{http://www.mskpost.com/in_world/rebel_island_is_china_once_again_ready_to_resolve_the_taiwan_question_by_force33241/}. Accessed: October 6, 2022.}
}

@article{wang_peace_agreement_china_taiwan,
  author = {Wang, Kent},
  title = {A Peace Agreement Between China and Taiwan?},
  year = {2013},
  note = {Available at: \url{https://thediplomat.com/2013/09/a-peace-agreement-between-china-and-taiwan/}. Accessed: September 16, 2022.}
}

@misc{wang_hong_kong_national_security_law,
  author = {Wang, T.Y.},
  title = {Hong Kong National Security Law: The View From Taiwan},
  year = {2020},
  note = {Available at: \url{https://thediplomat.com/2020/07/hong-kong-national-security-law-theview-from-taiwan/}. Accessed: September 30, 2022.}
}

@misc{wenzhao_taiwan_policy_obama_administration,
  author = {Wenzhao, Tao},
  title = {Taiwan Policy of the Obama Administration},
  year = {2017},
  note = {Available at: \url{https://www.caifc.org.cn/index.php?m=content&c=index&a=show&catid=22&id=529}. Accessed: September 24, 2022.}
}

@misc{xinhua_commentary_xi_takes_cross_strait_ties_new_level,
  author = {Xinhua},
  title = {Commentary: Xi Takes Cross-Strait Ties to a New Level},
  year = {2014},
  note = {Available at: \url{https://www.derechos.org/peace/china/doc/chntwn3.html}. Accessed: September 24, 2022.}
}

@misc{xinhua_xi_steadfast_on_reunification,
  author = {Xinhua},
  title = {Xi Steadfast on Reunification},
  year = {2014},
  note = {Available at: \url{http://www.china.org.cn/china/2014-09/27/content_33850041.htm}. Accessed: September 25, 2022.}
}

@article{yeung_what_you_need_to_know_china_taiwan_tensions,
  author = {Yeung, Jessie and Gan, Nectar and Jiang, Steven},
  title = {What You Need to Know About China-Taiwan Tensions},
  year = {2022},
  note = {Available at: \url{https://edition.cnn.com/2022/05/24/china/china-taiwan-conflict-explainer-intl-hnk/index.html}. Accessed: October 7, 2022.}
}

@misc{zandt_who_relies_on_taiwanese_trade,
  author = {Zandt, Florian},
  title = {Who Relies on Taiwanese Trade?},
  year = {2022},
  note = {Available at: \url{https://www.statista.com/chart/27927/principal-trade-partners-for-taiwan-per-region-by-tradevolume/}. Accessed: October 4, 2022.}
}
